@book{Crosling2008,
    author    = {G. Crosling, L. Thomas, and M. Heagney N},
    title     = {Improving student retention in higher education: the role of teaching and learning},
    year      = {2008},
    publisher = {Routledge},
    address   = {London, UK}
}

@book{YorkE2004,
    author    = {M. Yorke, B. Longden},
    title     = {Retention and Student Success in Higher Education},
    year      = {2004},
    publisher = {Society for Research into Higher Education},
    address   = {London, UK}
}


@Article{ Boyle2002,
  title = {What Makes Them Succeed? Entry, progression and graduation in Computer Science},
  author = { R. Boyle ,  J. Carter and  M Clark },
  journal = {Journal of Further and Higher Education},
  year = {2002},
  pages = {3-18},
  volume={3},
  number={18}
}

@techreport{Gordon,
    author    = {N. A. Gordon},
    title     = {Issues in retention and attainment in Computer Science},
    institution = {Higher Education Academy},
    year      = {2016}
}

@inproceedings{Watson:2014:FRI:2591708.2591749,
 author = {C. Watson, and F. W. B. Li },
 title = {Failure Rates in Introductory Programming Revisited},
 booktitle = {Proceedings of the 2014 Conference on Innovation \&\#38; Technology in Computer Science Education},
 series = {ITiCSE '14},
 year = {2014},
  location = {Uppsala, Sweden},
 pages = {39--44},
 numpages = {6},
 publisher = {ACM},
 address = {New York, NY, USA},
 keywords = {cs1, fail rates, failure rates, introductory programming, pass rates, programming, statistics}
} 

@inproceedings{Porter:2013:HFR:2445196.2445250,
 author = {L. Porter,  B. Lee, C. Beth and S. Beth},
 title = {Halving Fail Rates Using Peer Instruction: A Study of Four Computer Science Courses},
 booktitle = {Proceeding of the 44th ACM Technical Symposium on Computer Science Education},
 series = {SIGCSE '13},
 year = {2013},
  location = {Denver, Colorado, USA},
 pages = {177--182},
 numpages = {6},
 publisher = {ACM},
 address = {New York, NY, USA},
 keywords = {active learning, assessment, flipped classroom, peer instruction, student-centric learning}
}

@inproceedings{Lishinski:2016:LPG:2960310.2960329,
 author = {A. Lishinski,  A.Yadav and J. Good and R. Enbody},
 title = {Learning to Program: Gender Differences and Interactive Effects of Students' Motivation, Goals, and Self-Efficacy on Performance},
 booktitle = {Proceedings of the 2016 ACM Conference on International Computing Education Research},
 series = {ICER '16},
 year = {2016},
 location = {Melbourne, VIC, Australia},
 pages = {211--220},
 numpages = {10},
  publisher = {ACM},
 address = {New York, NY, USA},
 keywords = {cs1, goal orientation, metacognitive strategies, predictors, self-efficacy}
}

@article{Peterson1979,
author = {C. G. Petersen and T. G. Howe},
title = {Predicting Academic Success in Introduction to Computers},
journal = {AEDS Journal},
volume = {12},
number = {4},
pages = {182-191},
year  = {1979},
publisher = {Taylor & Francis}

}

@article{Ramalingam:2004:SMM:1026487.1008042,
 author = {V. Ramalingam and D. LaBelle and S. Wiedenbeck},
 title = {Self-efficacy and Mental Models in Learning to Program},
 journal = {SIGCSE Bull.},
 issue_date = {September 2004},
 volume = {36},
 number = {3},
 month = jun,
 year = {2004},
 pages = {171--175},
 numpages = {5},
 publisher = {ACM},
 address = {New York, NY, USA},
 keywords = {learning to program, mental models, self-efficacy}
} 

@article{SAUTER1986299,
title = {Predicting computer programming skill},
journal = {Computers & Education},
volume = {10},
number = {2},
pages = {299 - 302},
year = {1986},
author = {V. L. Sauter}
}

@article{Wilson:2001:CSI:366413.364581,
 author = {B. C. Wilson and S. Shrock},
 title = {Contributing to Success in an Introductory Computer Science Course: A Study of Twelve Factors},
 journal = {SIGCSE Bull.},
 issue_date = {March 2001},
 volume = {33},
 number = {1},
 month = feb,
 year = {2001},
 pages = {184--188},
 numpages = {5},
 publisher = {ACM},
 address = {New York, NY, USA}
}

@book{Land2012,
    author    = {R. Land and  J. Meyer},
    title     = {Overcoming Barriers to Student Understanding: Threshold Concepts and Troublesome Knowledge},
    year      = {2012},
    publisher = {Routledge},
    address   = {Oxon, UK}
}

@inproceedings{Sanders:2016:TCC:2999541.2999546,
 author = {K. Sanders and R. McCartney},
 title = {Threshold Concepts in Computing: Past, Present, and Future},
 booktitle = {Proceedings of the 16th Koli Calling International Conference on Computing Education Research},
 series = {Koli Calling '16},
 year = {2016},
 location = {Koli, Finland},
 pages = {91--100},
 numpages = {10},
 publisher = {ACM},
 address = {New York, NY, USA},
 keywords = {threshold concepts}
}

@inproceedings{Liao:2019:EVD:3287324.3287407,
 author = {S. N. Liao, D. Zingaro, C.  Alvarado, W. G. Griswold, and L. Porter},
 title = {Exploring the Value of Different Data Sources for Predicting Student Performance in Multiple CS Courses},
 booktitle = {Proceedings of the 50th ACM Technical Symposium on Computer Science Education},
 series = {SIGCSE '19},
 year = {2019},
  location = {Minneapolis, MN, USA},
 pages = {112--118},
 numpages = {7},
 publisher = {ACM},
 address = {New York, NY, USA},
 keywords = {architecture, cs1, cs2, data structures, low-performing students, machine learning, prediction, student outcomes}
} 
@article{Kerby2015,
author = {M B Kerby},
title ={Toward a New Predictive Model of Student Retention in Higher Education: An Application of Classical Sociological Theory},
journal = {Journal of College Student Retention: Research, Theory \& Practice},
volume = {17},
number = {2},
pages = {138-161},
year = {2015}

}


@incollection{Marsten95,
  author       = {A. S. Masten,  and J. D. Coatsworth}, 
  title        = {Competence, resilience, \& psychopathology},
  booktitle    = {Developmental psychopathology},
  publisher    = {Wiley},
  year         = 1995,
  editor       = {D. Cicchetti & D. Cohen},
  volume       = {},
  series       = {},
  chapter      ={} ,
  pages        = {715-752},
  address      = {New York},
  edition      = {},
  month        = {},
  note         ={} 
}

@book{Seligman90,
    author    = {M. E. P. Selgigman},
    title     = {Learned Optimism: How to Change Your Mind and Your Life},
    year      = {2006},
    publisher = {Vintage},
    address   = {USA}
}

@book{Duckworth2016,
    author    = {A. Duckworth},
    title     = {Grit: The Power of Passion and Perseverance},
    year      = {2016},
    publisher = {Vermilion},
    address   = {USA}
}


@article{Duckworth2007,
author = { A. Duckworth, C. Peterson, Matthews M.D. and D.R. Kelly},
title ={Grit: Perseverance and passion for long-term goals},
journal = {Journal of Personality and Social Psychology},
volume = {92},
number = {6},
pages = {1087-1101},
year = {2007}


}


@book{Clarke2010,
    author    = {J. Clarke},
    title     = {Resilience:bounce back from whatever life throws at you},
    year      = {2010},
    publisher = {Crimson Publishing},
    address   = {USA}
}


@article{Tinto1975,
author = { V. Tinto },
title ={Dropout from Higher Education: A Theoretical Synthesis of Recent Research},
journal = {Review of Educational Research},
volume = {45},
number = {1},
pages = {89-125},
year = {1975}
}


@incollection{Wood2014,
  author       = {J. L. Wood and J. D. Harrison}, 
  title        = {The 2020 American Graduation Initiative: A Clear Vision or Dim View?},
  booktitle    = {The Obama Administration and Educational Reform (Advances in Education in Diverse Communities: Research, Policy and Praxis},
  publisher    = {Emerald Group Publishing Limited},
  year         = 2014,
  editor       = {E. M. Zamani-Gallaher},
  volume       = {10},
  series       = {},
  chapter      = {},
  pages        = {119-139},
  address      = {Bingley, UK},
  edition      = {},
  month        = {},
  note         = {}
}


@techreport{Webb2017,
    author    = {O. Webb, L. Wyness, and D. Cotton },
    title     = {Enhancing access, retention, attainment and progression in higher education – A review of the literature showing demonstrable impact},
    institution = {Higher Education Academy},
    type     = "", 
    number   = "",
    address  = "",
    year      = "2017",
    month    = "",
    note     = "",
}




@incollection{Gunn2018,
  author       = {A. Gunn}, 
  title        = {The UK Teaching Excellence Framework (TEF): The Development of a New Transparency Tool?},
  booktitle    = {European Higher Education Area: The Impact of Past and Future Policie},
  publisher    = {Springer},
  year         = 2018,
  editor       = {A. Curaj , L. Deca , R.Pricopie},
  volume       = {},
  series       = {},
  chapter      = {},
  pages        = {505-526},
  address      = {Cham, Switzerland},
  edition      = {},
  month        = {},
  note         = {}
}

@Article{Terenzini1980,
author={P. T, Terenzini, 
and E. T. Pascarella},
title={Toward the validation of Tinto's model of college student attrition: A review of recent studies},
journal={Research in Higher Education},
year={1980},
month={Sep},
day={01},
volume={12},
number={3},
pages={271-282}
}


@article{Brunsden2000,
author = {V. Brunsden,  M. Davies,  M. Shevlin and M Bracken},
title = {Why do HE Students Drop Out? A test of Tinto's model},
journal = {Journal of Further and Higher Education},
volume = {24},
number = {3},
pages = {301-310},
year  = {2000},
publisher = {Routledge}

}

@article{Pascarella1983,
author = {E. T. Pascarella and D. W. Chapman},
title ={A Multiinstitutional, Path Analytic Validation of Tinto’s Model of College Withdrawal},
journal = {American Educational Research Journal},
volume = {20},
number = {1},
pages = {87-102},
year = {1983}
}

@article{Barbera2017,
author = {S. A. Barbera , S. D. Berkshire , C. B. Boronat and M. H. Kennedy},
title ={Review of Undergraduate Student Retention and Graduation Since 2010: Patterns, Predictions, and Recommendations for 2020},
journal = {Journal of College Student Retention: Research, Theory \& Practice},
volume = {0},
number = {0},
pages = {1521025117738233},
year = {2017}
}

@Article{Chen2012,
author={R. Chen},
title={Institutional Characteristics and College Student Dropout Risks: A Multilevel Event History Analysis},
journal={Research in Higher Education},
year={2012},
month={Aug},
day={01},
volume={53},
number={5},
pages={487--505}
}

@article{Robins2010,
author = { A. Robins },
title = {Learning edge momentum: a new account of outcomes in CS1},
journal = {Computer Science Education},
volume = {20},
number = {1},
pages = {37-71},
year  = {2010},
publisher = {Routledge}

}

@incollection{Seidman2012,
  author       = {A. Seidman}, 
  title        = {Taking Action: A Retention Formula and Model for Student Success},
  booktitle    = {College student retention: formula for student success},
  publisher    = {Springer},
  year         = {2018},
  editor       = {A. Curaj , L. Deca , R.Pricopie},
  volume       = {},
  series       = {},
  chapter      = {},
  pages        = {505-526},
  address      = {Cham, Switzerland},
  edition      = {},
  month        = {},
  note         = {}
}


@article{Kovaci2012,
author = { Z. J. Kovaci},
title = {Predicting student success by mining enrolment data},
journal = {Research in Higher Education},
volume = {},
number = {},
pages = {},
year  = {2012}

    
}

@inproceedings{Sigurdson:2018:EGC:3279720.3279743,
 author = {N. Sigurdson, and A. Petersen},
 title = {An Exploration of Grit in a CS1 Context},
 booktitle = {Proceedings of the 18th Koli Calling International Conference on Computing Education Research},
 series = {Koli Calling '18},
 year = {2018},
 isbn = {978-1-4503-6535-2},
 location = {Koli, Finland},
 pages = {23:1--23:5},
 articleno = {23},
 numpages = {5},
 publisher = {ACM},
 address = {New York, NY, USA},
 keywords = {CS1, grit, learning analytics, psychometric factors}
} 

@Article{Datu2016,
author={J. A. D. Datu, 
 J. P. M. Valdez
and R. B. King},
title={Perseverance Counts but Consistency Does Not! Validating the Short Grit Scale in a Collectivist Setting},
journal={Current Psychology},
year={2016},
month={Mar},
day={01},
volume={35},
number={1},
pages={121--130}
}

@Article{Tyumeneva2017,
author={Y. Tyumeneva, , E. Kardanova, and  J Kuzmina.},
title={Grit: Two related but independent constructs instead of one. Evidence from item response theory},
journal={European Journal of Psychological Assessment},
year={2017},
month={Aug},
day={01}


}

@article{ZIMMERMAN200082,
title = {Self-Efficacy: An Essential Motive to Learn},
journal = {Contemporary Educational Psychology},
volume = {25},
number = {1},
pages = {82 - 91},
year = {2000},
author = {B. J. Zimmerman}
}

@article{Bandura1977,
title = {Self-efficacy: Toward a unifying theory of behavioral change},
author ={A. Bandura},
journal = {Psychological Review},
volume = {84},
number = {2},
pages = {191-215},
year = {1977}

}

@inproceedings{Veilleux:2013:RBA:2445196.2445220,
 author = {N. Veilleux, R. Bates,  C. Allendoerfer, D. Jones, J. Crawford and T. Floyd Smith},
 title = {The Relationship Between Belonging and Ability in Computer Science},
 booktitle = {Proceeding of the 44th ACM Technical Symposium on Computer Science Education},
 series = {SIGCSE '13},
 year = {2013},
 isbn = {978-1-4503-1868-6},
 location = {Denver, Colorado, USA},
 pages = {65--70},
 numpages = {6},
 publisher = {ACM},
 address = {New York, NY, USA},
 keywords = {belonging, computer science education research, mixed-methods research}
}

@Article{Srisupawong2018,
author={Y. Srisupawong, 
K. Ravinder
J. Neanchaleay, 
E Murphy, 
E.J. Francois},
title={The relationship between sources of self-efficacy in classroom environments and the strength of computer self-efficacy beliefs},
journal={Education and Information Technologies},
year={2018},
month={Mar},
day={01},
volume={23},
number={2},
pages={681--703}
}

@article{Martin2013,
author = {A. J. Martin},
title ={Academic buoyancy and academic resilience: Exploring 'everyday' and 'classic' resilience in the face of academic adversity},
journal = {School Psychology International},
volume = {34},
number = {5},
pages = {488-500},
year = {2013}
}

@article{Bhardwaj2017,
author = {J. Bhardwaj},
title = {In search of self-efficacy: development of a new instrument for first year Computer Science students},
journal = {Computer Science Education},
volume = {27},
number = {2},
pages = {79-99},
year  = {2017},
publisher = {Routledge}

}

@article {Tregoningg251,
	author = {C. Tregoning , S. Remingtonand S. Agius, },
	title = {Facing change: developing resilience for staff, associate specialist, and specialty doctors},
	volume = {348},
	year = {2014},
	publisher = {BMJ Publishing Group Ltd},
	journal = {BMJ}
}




@article {Daniels2015,
	author = {G. Hardaker ,C. Evans, K. N. Daniels, K. Y. Billingsley, J. Billingsley, Y. Long, D. Young },
	title = {Impacting resilience and persistence in underrepresented populations through service-learning},
	journal = {Journal for Multicultural Education},
	Year ={2015},
	Month={Oct},
	Day={8},
	Publisher={Emerald Publishing Limited}



}


@online{BBC,
  author = {S Coughlan},
  title = {Rising numbers of stressed students seek help},
  year = {2015},
  url = {https://www.bbc.co.uk/news/education-34354405},
  urldate = {2019-08-29}
}

@online{DOE2018,
  author = {Department of Education},
  title = {Student income and expenditure survey 2014 to 2015},
  year = {2018},
  url = {https://www.gov.uk/government/publications/student-income-and-expenditure-survey-2014-to-2015},
  urldate = {2019-08-29}
}

@inproceedings{Knobelsdorf:2008:CPC:1384271.1384347,
 author = {M .Knobelsdorf and R. Romeike},
 title = {Creativity As a Pathway to Computer Science},
 booktitle = {Proceedings of the 13th Annual Conference on Innovation and Technology in Computer Science Education},
 series = {ITiCSE '08},
 year = {2008},
 location = {Madrid, Spain},
 pages = {286--290},
 numpages = {5},
 publisher = {ACM},
 address = {New York, NY, USA},
 keywords = {CS, CS education research, computer biographies, computers and society, creativity, pathway, pedagogy, wider access}
} 


