@book{Crosling2008,
    author    = {G. Crosling and L. Thomas, and M. Heagney N},
    title     = {Improving student retention in higher education: the role of teaching and learning},
    year      = {2008},
    publisher = {Routledge},
    address   = {London, UK}
}

@book{YorkE2004,
    author    = {M. Yorke and B. Longden},
    title     = {Retention and Student Success in Higher Education},
    year      = {2004},
    publisher = {Society for Research into Higher Education},
    address   = {London, UK}
}


@Article{ Boyle2002,
  title = {What Makes Them Succeed? Entry, progression and graduation in Computer Science},
  author = { R. Boyle ,  J. Carter and  M Clark },
  journal = {Journal of Further and Higher Education},
  year = {2002},
  pages = {3-18},
  volume={3},
  number={18}
}

@techreport{Gordon,
    author    = {N. A. Gordon},
    title     = {Issues in retention and attainment in Computer Science},
    institution = {Higher Education Academy},
    year      = {2016}
}

@inproceedings{Watson:2014:FRI:2591708.2591749,
 author = {C. Watson and F. W. B. Li },
 title = {Failure Rates in Introductory Programming Revisited},
 booktitle = {Proceedings of the 2014 Conference on Innovation \& Technology in Computer Science Education},
 series = {ITiCSE '14},
 year = {2014},
  location = {Uppsala, Sweden},
 pages = {39--44},
 numpages = {6},
 publisher = {ACM},
 address = {New York, NY, USA},
 keywords = {cs1, fail rates, failure rates, introductory programming, pass rates, programming, statistics}
} 

@inproceedings{Porter:2013:HFR:2445196.2445250,
 author = {L. Porter and  B. Lee and C. Beth and S. Beth},
 title = {Halving Fail Rates Using Peer Instruction: A Study of Four Computer Science Courses},
 booktitle = {Proceeding of the 44th ACM Technical Symposium on Computer Science Education},
 series = {SIGCSE '13},
 year = {2013},
  location = {Denver, Colorado, USA},
 pages = {177--182},
 numpages = {6},
 publisher = {ACM},
 address = {New York, NY, USA},
 keywords = {active learning, assessment, flipped classroom, peer instruction, student-centric learning}
}

@inproceedings{Lishinski:2016:LPG:2960310.2960329,
 author = {A. Lishinski and  A.Yadav and J. Good and R. Enbody},
 title = {Learning to Program: Gender Differences and Interactive Effects of Students' Motivation, Goals, and Self-Efficacy on Performance},
 booktitle = {Proceedings of the 2016 ACM Conference on International Computing Education Research},
 series = {ICER '16},
 year = {2016},
 location = {Melbourne, VIC, Australia},
 pages = {211--220},
 numpages = {10},
  publisher = {ACM},
 address = {New York, NY, USA},
 keywords = {cs1, goal orientation, metacognitive strategies, predictors, self-efficacy}
}

@article{Peterson1979,
author = {C. G. Petersen and T. G. Howe},
title = {Predicting Academic Success in Introduction to Computers},
journal = {AEDS Journal},
volume = {12},
number = {4},
pages = {182-191},
year  = {1979},
publisher = {Taylor \& Francis}

}

@article{Ramalingam:2004:SMM:1026487.1008042,
 author = {V. Ramalingam and D. LaBelle and S. Wiedenbeck},
 title = {Self-efficacy and Mental Models in Learning to Program},
 journal = {SIGCSE Bull.},
 issue_date = {September 2004},
 volume = {36},
 number = {3},
 month = jun,
 year = {2004},
 pages = {171--175},
 numpages = {5},
 publisher = {ACM},
 address = {New York, NY, USA},
 keywords = {learning to program, mental models, self-efficacy}
} 

@article{SAUTER1986299,
title = {Predicting computer programming skill},
journal = {Computers \& Education},
volume = {10},
number = {2},
pages = {299 - 302},
year = {1986},
author = {V. L. Sauter}
}

@article{Wilson:2001:CSI:366413.364581,
 author = {B. C. Wilson and S. Shrock},
 title = {Contributing to Success in an Introductory Computer Science Course: A Study of Twelve Factors},
 journal = {SIGCSE Bull.},
 issue_date = {March 2001},
 volume = {33},
 number = {1},
 month = feb,
 year = {2001},
 pages = {184--188},
 numpages = {5},
 publisher = {ACM},
 address = {New York, NY, USA}
}

@book{Land2012,
    author    = {R. Land and  J. Meyer},
    title     = {Overcoming Barriers to Student Understanding: Threshold Concepts and Troublesome Knowledge},
    year      = {2012},
    publisher = {Routledge},
    address   = {Oxon, UK}
}

@inproceedings{Sanders:2016:TCC:2999541.2999546,
 author = {K. Sanders and R. McCartney},
 title = {Threshold Concepts in Computing: Past, Present, and Future},
 booktitle = {Proceedings of the 16th Koli Calling International Conference on Computing Education Research},
 series = {Koli Calling '16},
 year = {2016},
 location = {Koli, Finland},
 pages = {91--100},
 numpages = {10},
 publisher = {ACM},
 keywords = {threshold concepts}
}
 %Liao, Soohyun Nam and Zingaro, Daniel and Alvarado, Christine and Griswold, William G. and Porter, Leo
@inproceedings{Liao:2019:EVD:3287324.3287407,
 author = {S. N. Liao and D. Zingaro and C. Alvarado and W. G. Griswold and L. Porter},
  title = {Exploring the Value of Different Data Sources for Predicting Student Performance in Multiple CS Courses},
 booktitle = {Proceedings of the 50th ACM Technical Symposium on Computer Science Education},
 series = {SIGCSE '19},
 year = {2019},
  location = {Minneapolis, MN, USA},
 pages = {112--118},
 numpages = {7},
 publisher = {ACM},
 address = {New York, NY, USA},
 keywords = {architecture, cs1, cs2, data structures, low-performing students, machine learning, prediction, student outcomes}
} 
@article{Kerby2015,
author = {M B Kerby},
title ={Toward a New Predictive Model of Student Retention in Higher Education: An Application of Classical Sociological Theory},
journal = {Journal of College Student Retention: Research, Theory \& Practice},
volume = {17},
number = {2},
pages = {138-161},
year = {2015}

}


@incollection{Marsten95,
  author       = {A. S. Masten  and J. D. Coatsworth}, 
  title        = {Competence, resilience, \& psychopathology},
  booktitle    = {Developmental psychopathology},
  publisher    = {Wiley},
  year         = 1995,
  editor       = {D. Cicchetti \& D. Cohen},
  volume       = {},
  series       = {},
  chapter      ={} ,
  pages        = {715-752},
  address      = {New York},
  edition      = {},
  month        = {},
  note         ={} 
}

@book{Seligman90,
    author    = {M. E. P. Selgigman},
    title     = {Learned Optimism: How to Change Your Mind and Your Life},
    year      = {2006},
    publisher = {Vintage},
    address   = {USA}
}

@book{Duckworth2016,
    author    = {A. Duckworth},
    title     = {Grit: The Power of Passion and Perseverance},
    year      = {2016},
    publisher = {Vermilion},
    address   = {USA}
}


@article{Duckworth2007,
author = { A. Duckworth and C. Peterson and Matthews M.D. and D.R. Kelly},
title ={Grit: Perseverance and passion for long-term goals},
journal = {Journal of Personality and Social Psychology},
volume = {92},
number = {6},
pages = {1087-1101},
year = {2007}


}


@book{Clarke2010,
    author    = {J. Clarke},
    title     = {Resilience:bounce back from whatever life throws at you},
    year      = {2010},
    publisher = {Crimson Publishing},
    address   = {USA}
}


@article{Tinto1975,
author = { V. Tinto },
title ={Dropout from Higher Education: A Theoretical Synthesis of Recent Research},
journal = {Review of Educational Research},
volume = {45},
number = {1},
pages = {89-125},
year = {1975}
}


@incollection{Wood2014,
  author       = {J. L. Wood and J. D. Harrison}, 
  title        = {The 2020 American Graduation Initiative: A Clear Vision or Dim View?},
  booktitle    = {The Obama Administration and Educational Reform (Advances in Education in Diverse Communities: Research, Policy and Praxis},
  publisher    = {Emerald Group Publishing Limited},
  year         = 2014,
  editor       = {E. M. Zamani-Gallaher},
  volume       = {10},
  series       = {},
  chapter      = {},
  pages        = {119-139},
  address      = {Bingley, UK},
  edition      = {},
  month        = {},
  note         = {}
}


@techreport{Webb2017,
    author    = {O. Webb and L. Wyness, and D. Cotton },
    title     = {Enhancing access, retention, attainment and progression in higher education – A review of the literature showing demonstrable impact},
    institution = {Higher Education Academy},
    type     = "", 
    number   = "",
    address  = "",
    year      = "2017",
    month    = "",
    note     = "",
}




@incollection{Gunn2018,
  author       = {A. Gunn}, 
  title        = {The UK Teaching Excellence Framework (TEF): The Development of a New Transparency Tool?},
  booktitle    = {European Higher Education Area: The Impact of Past and Future Policie},
  publisher    = {Springer},
  year         = 2018,
  editor       = {A. Curaj , L. Deca and R.Pricopie},
  volume       = {},
  series       = {},
  chapter      = {},
  pages        = {505-526},
  address      = {Cham, Switzerland},
  edition      = {},
  month        = {},
  note         = {}
}

@Article{Terenzini1980,
author={P. T, Terenzini, 
and E. T. Pascarella},
title={Toward the validation of Tinto's model of college student attrition: A review of recent studies},
journal={Research in Higher Education},
year={1980},
month={Sep},
day={01},
volume={12},
number={3},
pages={271-282}
}


@article{Brunsden2000,
author = {V. Brunsden and M. Davies and  M. Shevlin and M Bracken},
title = {Why do HE Students Drop Out? A test of Tinto's model},
journal = {Journal of Further and Higher Education},
volume = {24},
number = {3},
pages = {301-310},
year  = {2000},
publisher = {Routledge}

}

@article{Pascarella1983,
author = {E. T. Pascarella and D. W. Chapman},
title ={A Multiinstitutional, Path Analytic Validation of Tinto’s Model of College Withdrawal},
journal = {American Educational Research Journal},
volume = {20},
number = {1},
pages = {87-102},
year = {1983}
}

@article{Barbera2017,
author = {S. A. Barbera and S. D. Berkshire and C. B. Boronat and M. H. Kennedy},
title ={Review of Undergraduate Student Retention and Graduation Since 2010: Patterns, Predictions, and Recommendations for 2020},
journal = {Journal of College Student Retention: Research, Theory \& Practice},
volume = {0},
number = {0},
pages = {No Pagination Specified},
year = {2017}
}

@Article{Chen2012,
author={R. Chen},
title={Institutional Characteristics and College Student Dropout Risks: A Multilevel Event History Analysis},
journal={Research in Higher Education},
year={2012},
month={Aug},
day={01},
volume={53},
number={5},
pages={487--505}
}

@article{Robins2010,
author = { A. Robins },
title = {Learning edge momentum: a new account of outcomes in CS1},
journal = {Computer Science Education},
volume = {20},
number = {1},
pages = {37-71},
year  = {2010},
publisher = {Routledge}

}

@incollection{Seidman2012,
  author       = {A. Seidman}, 
  title        = {Taking Action: A Retention Formula and Model for Student Success},
  booktitle    = {College student retention: formula for student success},
  publisher    = {Springer},
  year         = {2018},
  editor       = {A. Curaj , L. Deca and R.Pricopie},
  volume       = {},
  series       = {},
  chapter      = {},
  pages        = {505-526},
  address      = {Cham, Switzerland},
  edition      = {},
  month        = {},
  note         = {}
}


@article{Kovaci2012,
author = { Z. J. Kovaci},
title = {Predicting student success by mining enrolment data},
journal = {Research in Higher Education},
volume = {15},
number = {15},
pages = {},
year  = {2012}

    
}

@inproceedings{Sigurdson:2018:EGC:3279720.3279743,
 author = {N. Sigurdson and A. Petersen},
 title = {An Exploration of Grit in a CS1 Context},
 booktitle = {Proceedings of the 18th Koli Calling International Conference on Computing Education Research},
 series = {Koli Calling '18},
 year = {2018},
 isbn = {978-1-4503-6535-2},
 location = {Koli, Finland},
 pages = {23:1--23:5},
 articleno = {23},
 publisher = {ACM},
 keywords = {CS1, grit, learning analytics, psychometric factors}
} 

@Article{Datu2016,
author={J. A. D. Datu, 
 J. P. M. Valdez
and R. B. King},
title={Perseverance Counts but Consistency Does Not! Validating the Short Grit Scale in a Collectivist Setting},
journal={Current Psychology},
year={2016},
month={Mar},
day={01},
volume={35},
number={1},
pages={121--130}
}

@Article{Tyumeneva2017,
author={Y. Tyumeneva and E. Kardanova and J. Kuzmina},
title={Grit: Two related but independent constructs instead of one. Evidence from item response theory},
journal={European Journal of Psychological Assessment},
year={2017},
month={Aug},
day={01},
number={10},
volume={33},
pages={No Pagination Specified},
numpages={No Pagination Specified}


}

@article{ZIMMERMAN200082,
title = {Self-Efficacy: An Essential Motive to Learn},
journal = {Contemporary Educational Psychology},
volume = {25},
number = {1},
pages = {82 - 91},
year = {2000},
author = {B. J. Zimmerman}
}

@article{Bandura1977,
title = {Self-efficacy: Toward a unifying theory of behavioral change},
author ={A. Bandura},
journal = {Psychological Review},
volume = {84},
number = {2},
pages = {191-215},
year = {1977}

}

@inproceedings{Veilleux:2013:RBA:2445196.2445220,
 author = {N. Veilleux and R. Bates,  C. Allendoerfer and D. Jones and J. Crawford and T. F. Smith},
 title = {The Relationship Between Belonging and Ability in Computer Science},
 booktitle = {Proceeding of the 44th ACM Technical Symposium on Computer Science Education},
 series = {SIGCSE '13},
 year = {2013},
 isbn = {978-1-4503-1868-6},
 location = {Denver, Colorado, USA},
 pages = {65--70},
 numpages = {6},
 publisher = {ACM},
 address = {New York, NY, USA},
 keywords = {belonging, computer science education research, mixed-methods research}
}

@Article{Srisupawong2018,
author={Y. Srisupawong and
K. Ravinder and
J. Neanchaleay and 
E Murphy and
E.J. Francois},
title={The relationship between sources of self-efficacy in classroom environments and the strength of computer self-efficacy beliefs},
journal={Education and Information Technologies},
year={2018},
month={Mar},
day={01},
volume={23},
number={2},
pages={681--703}
}

@article{Martin2013,
author = {A. J. Martin},
title ={Academic buoyancy and academic resilience: Exploring 'everyday' and 'classic' resilience in the face of academic adversity},
journal = {School Psychology International},
volume = {34},
number = {5},
pages = {488-500},
year = {2013}
}

@article{Bhardwaj2017,
author = {J. Bhardwaj},
title = {In search of self-efficacy: development of a new instrument for first year Computer Science students},
journal = {Computer Science Education},
volume = {27},
number = {2},
pages = {79-99},
year  = {2017},
publisher = {Routledge}

}

@article {Tregoningg251,
	author = {C. Tregoning and S. Remington and S. Agius },
	title = {Facing change: developing resilience for staff, associate specialist, and specialty doctors},
	volume = {348},
	year = {2014},
	publisher = {BMJ Publishing Group Ltd},
	journal = {BMJ},
	pages ={No Pagination Specified},
	numpages={No Pagination Specified}

}



 

@article {Daniels2015,
	author = {G. Hardaker and C. Evans and K. N. Daniels and K. Y. Billingsley, J. Billingsley and Y. Long, D. Young },
	title = {Impacting resilience and persistence in underrepresented populations through service-learning},
	journal = {Journal for Multicultural Education},
	Year ={2015},
	Month={Oct},
	Day={8},
	Publisher={Emerald Publishing Limited},
	pages ={174-192},
	numpages={18},
	volume={9},
	number={3}
	



}

@misc{BBC,
   
 author = {S. Coughlan},
  title = {Rising numbers of stressed students seek help},
  year = {2015},
  howpublished ={url { {https://www.bbc.co.uk/news/education-34354405}}},
  note = {Accessed 30 August 2019},
  organization={BBC}
}




@online{DOE2018,
  author = {Department of Education},
  title = {Student income and expenditure survey 2014 to 2015},
  year = {2018},
  howpublished ={url  {https://www.gov.uk/government/publications/student-income-and-expenditure-survey-2014-to-2015}},
  organisation={Department of Education},
  
  note = {Online; accessed 30 August 2019},
}

@inproceedings{Knobelsdorf:2008:CPC:1384271.1384347,
 author = {M .Knobelsdorf and R. Romeike},
 title = {Creativity As a Pathway to Computer Science},
 booktitle = {Proceedings of the 13th Annual Conference on Innovation and Technology in Computer Science Education},
 series = {ITiCSE '08},
 year = {2008},
 location = {Madrid, Spain},
 pages = {286--290},
 numpages = {5},
 publisher = {ACM},
 address = {New York, NY, USA},
 keywords = {CS, CS education research, computer biographies, computers and society, creativity, pathway, pedagogy, wider access}
} 

@article{masten1998,
  title={The development of competence in favorable and unfavorable environments: Lessons from research on successful children.},
  author={Masten, A. S. and Coatsworth, J. D.},
  journal={American psychologist},
  volume={53},
  number={2},
  pages={205},
  year={1998},
  publisher={American Psychological Association}
}

@book{kolb2014,
  title={Experiential learning: Experience as the source of learning and development},
  author={Kolb, D. A.},
  year={2014},
  publisher={FT press},
  address="USA"
}

@misc{coates2008australasian,
  title={Australasian student engagement report},
  author={Coates, H.},
  journal={Camberwell: Australian Council for Educational Research},
  year={2008}
}

@article{kuh2009national,
  title={The national survey of student engagement: Conceptual and empirical foundations},
  author={Kuh, G. D.},
  journal={New directions for institutional research},
  volume={141},
  number={1},
  pages={5--20},
  year={2009},
  publisher={San Francisco}
}

@inproceedings{Ahadi:2015:EML:2787622.2787717,
 author = {Ahadi, A. and Lister, R. and Haapala, H. and Vihavainen, A.},
 title = {Exploring Machine Learning Methods to Automatically Identify Students in Need of Assistance},
 booktitle = {Proceedings of the Eleventh Annual International Conference on International Computing Education Research},
 series = {ICER '15},
 year = {2015},
 isbn = {978-1-4503-3630-7},
 location = {Omaha, Nebraska, USA},
 pages = {121--130},
 numpages = {10},
 url = {http://doi.acm.org/10.1145/2787622.2787717},
 doi = {10.1145/2787622.2787717},
 acmid = {2787717},
 publisher = {ACM},
 address = {New York, NY, USA},
 keywords = {detecting students in need of assistance, educational data mining, introductory programming, learning analytics, novice programmers, programming behavior, source code snapshot analysis},
}

@inproceedings{Liao:2016:LEI:2960310.2960315,
 author = {Liao, S. N. and Zingaro, D. and Laurenzano, M. A. and Griswold, W. G. and Porter, L.},
 title = {Lightweight, Early Identification of At-Risk CS1 Students},
 booktitle = {Proceedings of the 2016 ACM Conference on International Computing Education Research},
 series = {ICER '16},
 year = {2016},
 isbn = {978-1-4503-4449-4},
 location = {Melbourne, VIC, Australia},
 pages = {123--131},
 numpages = {9},
 url = {http://doi.acm.org/10.1145/2960310.2960315},
 doi = {10.1145/2960310.2960315},
 acmid = {2960315},
 publisher = {ACM},
 address = {New York, NY, USA},
 keywords = {clickers, cs1, peer instruction, prediction},
} 

@inproceedings{Castro-Wunsch:2017:ENN:3017680.3017792,
 author = {Castro-Wunsch, K. and Ahadi, A. and Petersen, A.},
 title = {Evaluating Neural Networks As a Method for Identifying Students in Need of Assistance},
 booktitle = {Proceedings of the 2017 ACM SIGCSE Technical Symposium on Computer Science Education},
 series = {SIGCSE '17},
 year = {2017},
 isbn = {978-1-4503-4698-6},
 location = {Seattle, Washington, USA},
 pages = {111--116},
 numpages = {6},
 url = {http://doi.acm.org/10.1145/3017680.3017792},
 doi = {10.1145/3017680.3017792},
 acmid = {3017792},
 publisher = {ACM},
 address = {New York, NY, USA},
 keywords = {CS1, at-risk students, educational data mining, introductory programming, learning analytics, replication, reproduction, source code snapshot analysis},
}

@inproceedings{Quille:2018:PPS:3197091.3197101,
 author = {Quille, K. and Bergin, S.},
 title = {Programming: Predicting Student Success Early in CS1. A Re-validation and Replication Study},
 booktitle = {Proceedings of the 23rd Annual ACM Conference on Innovation and Technology in Computer Science Education},
 series = {ITiCSE 2018},
 year = {2018},
 isbn = {978-1-4503-5707-4},
 location = {Larnaca, Cyprus},
 pages = {15--20},
 numpages = {6},
 url = {http://doi.acm.org/10.1145/3197091.3197101},
 doi = {10.1145/3197091.3197101},
 acmid = {3197101},
 publisher = {ACM},
 address = {New York, NY, USA},
 keywords = {CS1, Computer Science Education, Predictors, Programming, Success},
}

@article{Liao:2019:RML:3308443.3277569,
 author = {Liao, S. N. and Zingaro, D. and Thai, K. and Alvarado, C. and Griswold, W. G. and Porter, L.},
 title = {A Robust Machine Learning Technique to Predict Low-performing Students},
 journal = {ACM Trans. Comput. Educ.},
 issue_date = {June 2019},
 volume = {19},
 number = {3},
 month = jan,
 year = {2019},
 issn = {1946-6226},
 pages = {18:1--18:19},
 articleno = {18},
 numpages = {19},
 url = {http://doi.acm.org/10.1145/3277569},
 doi = {10.1145/3277569},
 acmid = {3277569},
 publisher = {ACM},
 address = {New York, NY, USA},
 keywords = {Peer instruction, at-risk students, clicker data, cross-term, machine learning, multi-institution, prediction},
} 

@article{Walker2006,
author = { C.   Walker  and  A.   Gleaves  and  J.   Grey },
title = {Can students within higher education learn to be resilient and, educationally speaking, does it matter?},
journal = {Educational Studies},
volume = {32},
number = {3},
pages = {251-264},
year  = {2006},
publisher = {Routledge},
doi = {10.1080/03055690600631184},
URL = { 
        https://doi.org/10.1080/03055690600631184

},
eprint = { 
        https://doi.org/10.1080/03055690600631184
}

}

@article{Holdsworth2018,
author = {S. Holdsworth and M. Turner and C. M. Scott-Young},
title = {…Not drowning, waving. Resilience and university: a student perspective},
journal = {Studies in Higher Education},
volume = {43},
number = {11},
pages = {1837-1853},
year  = {2018},
publisher = {Routledge},
doi = {10.1080/03075079.2017.1284193},

URL = { 
        https://doi.org/10.1080/03075079.2017.1284193
    
},
eprint = { 
        https://doi.org/10.1080/03075079.2017.1284193
   
    }
}


@inproceedings{Watson2014,
author = {C. Watson, and F.W.B. Li},
title = {Failure Rates in Introductory Programming Revisited},
year = {2014},
isbn = {9781450328333},
publisher = {Association for Computing Machinery},
address = {New York, NY, USA},
url = {https://doi.org/10.1145/2591708.2591749},
doi = {10.1145/2591708.2591749},
booktitle = {Proceedings of the 2014 Conference on Innovation \& Technology in Computer Science Education},
pages = {39–44},
numpages = {6},
keywords = {failure rates, pass rates, fail rates, statistics, introductory programming, programming, cs1},
location = {Uppsala, Sweden},
series = {ITiCSE ’14}
}

@article{Bennedsen2019,
author = {J. Bennedsen and M. E. Caspersen},
title = {Failure Rates in Introductory Programming: 12 Years Later},
year = {2019},
issue_date = {April 2019},
publisher = {Association for Computing Machinery},
address = {New York, NY, USA},
volume = {10},
number = {2},
issn = {2153-2184},
journal = {ACM Inroads},
month = apr,
pages = {30–36},
numpages = {7}
}

@book{Vailes2017,
    author    = {F. Vailes and A. Waters},
    title     = {The Flourishing Student: Every tutor’s guide to promoting mental health, well-being and resilience in Higher Education},
    year      = {2018},
    publisher = {Practical Inspiration Publishing},
    address   = {London, UK}
}

@article{Rodgers2016,
author = {D. Rogers},
title = {Which educational interventions improve healthcare professionals resilience?},
journal = {Medical Teacher},
volume = {38},
number = {12},
pages = {1236-1241},
year  = {2016},
publisher = {Taylor \& Francis}
}

@article{Axelson2010,
author = { R. D. Axelson  and  A.   Flick },
title = {Defining Student Engagement},
journal = {Change: The Magazine of Higher Learning},
volume = {43},
number = {1},
pages = {38-43},
year  = {2010},
publisher = {Routledge},
doi = {10.1080/00091383.2011.533096},
URL = {https://doi.org/10.1080/00091383.2011.533096},
eprint = {https://doi.org/10.1080/00091383.2011.533096}
}

@Article{murphy-et-al:programming2017,
  author = 	 {E. Murphy and T. Crick and J. H. Davenport},
  title = 	 {{An Analysis of Introductory Programming Courses at UK Universities}},
  journal = 	 {{The Art, Science, and Engineering of Programming}},
  year = 	 {2017},
  volume = 	 {1(2)},
  number = 	 {18}
}

@InProceedings{simon-et-al:sigcse2018,
  author = 	 {{Simon} and R. Mason and T. Crick and J. H. Davenport and E. Murphy},
  title = 	 {{Language Choice in Introductory Programming Courses at Australasian and UK Universities}},
  booktitle =    {{Proceedings of 49th ACM Technical Symposium on Computer Science Education (SIGCSE 2018)}},
  year = 	 {2018},
  pages =        {852--857},
  publisher = 	 {ACM}
}

@InProceedings{davenport-et-al:latice2016,
  author =       {J. H. Davenport and A. Hayes and R. Hourizi and T. Crick},
  title =        {{Innovative Pedagogical Practices in the Craft of Computing}},
  booktitle =    {{Proceedings of 4th International Conference on Learning and Teaching in Computing and Engineering (LaTiCE 2016)}},
  year = 	 {2016},
  publisher = 	 {IEEE}
}

@Misc{jiscla:2020,
  author = 	 {{JISC}},
  title = 	 {{Learning analytics}},
  howpublished = {\url{https://www.jisc.ac.uk/learning-analytics}},
  year = 	 {2020}
}

@Article{brown-et-al-toce2014,
  author =       {N. C. C. Brown and S. Sentance and T. Crick and S. Humphreys},
  title =        {{Restart: The Resurgence of Computer Science in UK Schools}},
  journal =      {{ACM Transactions on Computer Science Education}},
  year =         {2014},
  volume =       {14},
  number =       {2},
  publisher =    {ACM},
  pages =        {1--22}
}

@InProceedings{crick-et-al:fie2019,
  author =       {T. Crick and J. H. Davenport and A. Irons and T. Prickett},
  title =        {{A UK Case Study on Cybersecurity Education and Accreditation}},
  booktitle =    {{Proceedings of 49th Annual Frontiers in Education Conference (FIE 2019)}},
  year = 	 {2019},
  publisher =    {IEEE}  
}

@InProceedings{crick-et-al-accred:cep2020,
  author =       {T. Crick and J. H. Davenport and P. Hanna and A. Irons and T. Prickett},
  title =        {{Computer Science Degree Accreditation in the UK: A Post-Shadbolt Review Update}},
  booktitle =    {{Proceedings of Computing Education Practice}},
  articleno = {Article 6},
  year = 	 {2020},
  publisher =    {ACM}
}